<collection xmlns="http://www.loc.gov/MARC21/slim">
<record>
  <leader>01214nam0a22001931i 450 </leader>
  <controlfield tag="001">IT\ICCU\CNCE\075776</controlfield>
  <controlfield tag="005">20110318000000.0</controlfield>
  <datafield tag="012" ind1=" " ind2=" ">
    <subfield code="a">a-i. m-do o.o, o,a- (C) 1571 (Q)</subfield>
    <subfield code="2">fei</subfield>
  </datafield>
  <datafield tag="100" ind1=" " ind2=" ">
    <subfield code="a">20110318f1571        0itac0103    ba</subfield>
  </datafield>
  <datafield tag="101" ind1=" " ind2=" ">
    <subfield code="a">ITA</subfield>
  </datafield>
  <datafield tag="102" ind1=" " ind2=" ">
    <subfield code="a">IT</subfield>
  </datafield>
  <datafield tag="200" ind1="1" ind2=" ">
    <subfield code="a">Raccolto di tutto il successo seguito da che si ferm ̣la santa lega de&apos; christiani per n.s. Pio quinto fino a questo giorno. Nel quale si contiene ogni particolar auiso della battaglia &amp; rotta nauale data all&apos;armata turchesca per il sereniss. don Giouanni d&apos;Austria generale dell&apos;armata di detta santa lega. Per auisi hauuti da sua serenita e da altri signori ritrouatisi presenti in detto conflitto. Agiuntoui il particular auiso della presa di Margaritti, col vero disegno de l&apos;una e l&apos;altra armata, con la descrittione di detta battaglia. Di piu con vn raguaglio dell&apos; Occiali</subfield>
  </datafield>
  <datafield tag="210" ind1=" " ind2=" ">
    <subfield code="a">In Roma</subfield>
    <subfield code="c">per gli heredi di m. Antonio Blado</subfield>
    <subfield code="d">stampatori camerali</subfield>
    <subfield code="d">\1571!</subfield>
  </datafield>
  <datafield tag="215" ind1=" " ind2=" ">
    <subfield code="a">\4! c.</subfield>
    <subfield code="c">ill.</subfield>
    <subfield code="d">fol</subfield>
  </datafield>
  <datafield tag="300" ind1=" " ind2=" ">
    <subfield code="a">La data presunta si ricava dal testo</subfield>
  </datafield>
  <datafield tag="620" ind1=" " ind2=" ">
    <subfield code="a">IT</subfield>
    <subfield code="d">Roma</subfield>
  </datafield>
  <datafield tag="712" ind1="0" ind2="0">
    <subfield code="a">Blado, Antonio - eredi</subfield>
    <subfield code="3">IT\ICCU\CNCT\000148</subfield>
    <subfield code="4">650</subfield>
  </datafield>
  <datafield tag="801" ind1=" " ind2="3">
    <subfield code="a">IT</subfield>
    <subfield code="b">ICCU</subfield>
    <subfield code="c">20201115</subfield>
  </datafield>
  <datafield tag="899" ind1=" " ind2=" ">
    <subfield code="a">Biblioteca Apostolica Vaticana. Citt ̉del Vaticano</subfield>
    <subfield code="1">EX0001</subfield>
    <subfield code="2">ZCV 01</subfield>
  </datafield>
</record>
</collection>
